% Encoding: UTF-8

@Online{Bradford2025,
  author   = {Adam Bradford},
  date     = {2017-08-15},
  title    = {D&D Beyond's Launch Is Here},
  url      = {https://www.dndbeyond.com/posts/27-the-adventure-begins},
  language = {English},
  urldate  = {2025-05-30},
}

@Online{Melzer2024,
  author  = {Jenny Melzer},
  date    = {2024-09-13},
  title   = {Roll20's Big Changes Coincide Perfectly With D&D's 2024 Player's Handbook Release},
  url     = {https://www.cbr.com/roll20-dnd-5e-2024-players-handbook-compatibility/},
  urldate = {2025-05-30},
}

@Online{Hall2015,
  author  = {Charlie Hall},
  date    = {2015-04-22},
  title   = {D&D now on Steam, complete with dice and a Dungeon Master},
  url     = {https://www.polygon.com/2015/4/22/8470473/dungeons-dragons-virtual-tabletop-fantasy-grounds},
  urldate = {2025-05-30},
}

@Online{restfull,
  title   = {Building a RESTful Web Service},
  url     = {https://spring.io/guides/gs/rest-service},
  urldate = {2025-05-30},
}

@Online{Pratik2024,
  author = {Pratik T},
  date   = {2024-06-17},
  title  = {Building REST API Using Spring Boot: A Comprehensive Guide},
  url    = {https://medium.com/@pratik.941/building-rest-api-using-spring-boot-a-comprehensive-guide-3e9b6d7a8951},
}

@Online{apidog,
  title = {API Design First vs. Code First},
  url   = {https://apidog.com/articles/api-design-first-vs-code-first/},
}

@Online{Gordadze,
  author = {Ioram Gordadze},
  title  = {Spring Security With JWT for REST API},
  url    = {https://www.toptal.com/spring/spring-security-tutorial},
}

@Comment{jabref-meta: databaseType:biblatex;}
